
@book{Meyer92Eiffel,
  title = {Eiffel: the language},
  publisher = {Prentice Hall, New York, NY},
  year = {1992},
  author = {Bertrand Meyer},
  series = {Object-Oriented Series}
}

@article{Meyer92Applying,
  author = {Bertrand Meyer},
  title = {Applying `design by contract'},
  journal = {Computer},
  year = {1992},
  volume = {25},
  pages = {40-51},
  number = {10},
  month = {October},
}

@book{Meyer97Object,
  author = {Bertrand Meyer},
  title = {Object-Oriented Software Construction},
  publisher = {Prentice Hall},
  year = {1997},
  edition = {2}
}

@manual{eiffelbase,
  title = {EiffelBase Library},
  organization = {Eiffel Software},
  month = {August},
  year = {2005},
  note = {http://archive.eiffel.com/products/base/}
}

@manual{MML,
  title = {Mathematical Model Library (MML)},
  month = {January},
  year = {2007},
  note = {http://se.inf.ethz.ch/people/schoeller/mml.html}
}

@mastersthesis{Widmer04Reusable,
  author = {Tobias Widmer},
  title = {Reusable Mathematical Models},
  school = {ETH Zurich},
  year = {2004},
  month = {July}
}

@inproceedings{Schoeller03Strengthening,
  author = {Bernd Schoeller},
  title = {Strengthening Eiffel Contracts using Models},
  booktitle = {Proceeding of the Workshop on Formal Aspects of Component Software FACS'03},
  pages = {143-158},
  year = {2003},
  editor = {Hung Dang Van and Zhiming Liu},
  number = {284},
  series = {UNU/IIST Report},
  month = {September}
}

@techreport{Schoeller06Eiffel0,
  author = {Bernd Schoeller},
  title = {Eiffel0: An Object-Oriented Language with Dynamic Frame Contracts},
  institution = {Chair of Software Engineering, Department of Computer Science, ETH Zurich},
  year = {2006},
  number = {542},
  month = {December},
  owner = {schoelle},
  pdf = {papers-others/eiffel0-schoeller.pdf},
  timestamp = {2006.12.06}
}

@unpublished{SchoellerDynamic,
  author = {Bernd Schoeller and Jonathan Ostroff},
  title = {Dynamic Frame Contracts},
  note = {to be published},
  month = {},
  year = {}
}

@article{Schoeller06Making,
  author = {Bernd Schoeller and Tobias Widmer and Bertrand Meyer},
  title = {Making specifications complete through models},
  journal = {Architecting Systems with Trustworthy Components},
  year = {2006},
  editor = {Ralf Reussner and Judith Stafford and Clemens Szyperski},
  volume = {3938}
}

@article{Kassios06Dynamic,
  author = {Ioannis T. Kassios},
  title = {Dynamic Frames: Support for Framing, Dependencies and Sharing without Restrictions},
  journal = {Formal Methods},
  year = {2006}
}

@misc{Bezault07Gobo,
  OPTkey = {},
  author = {Eric Bezault},
  title = {Gobo Eiffel Project},
  note = {http://www.gobosoft.com/},
  month = {April},
  year = {2007},
}

@article{Hoare72Proof,
  author = {C.A.R. Hoare},
  title = {Proof of correctness of data representations},
  journal = {Acta Informatica},
  year = {1972},
  volume = {1},
  number = {4},
  pages = {271-281}
}

@phdthesis{Mueller01Modular,
  author = {Peter M{\"u}ller},
  title = {Modular Specification and Verification of Object-Oriented Programs},
  school = {Fern-Universit\"at Hagen},
  year = {2001},
  owner = {schoelle},
  timestamp = {2006.12.05}
}

@inproceedings{Leino02Data,
  author = {K.R.M. Leino and G. Nelson},
  title = {Data abstraction and information hiding},
  booktitle = {TOPLAS},
  year = {2002},
  volume = {24},
  number = {5}
}

@inproceedings{Leino04Object,
  author = {K.R.M. Leino and P. M{\"u}ller},
  title = {Object invariants in dynamic contexts},
  booktitle = {Proceedings of ECOOP'04: European Conference on Object-Oriented Programming},
  editor = {M. Odersky},
  year = {2004},
  volume = {3068},
  pages = {491-516}
}

@techreport{Leavens98Preliminary,
  author = {Gary T. Leavens and Albert L. Baker and Clyde Ruby},
  title = {Preliminary design of {JML}: A behavioral interface specification language for {Java}},
  institution = {Department of Computer Science, Iowa State University},
  year = {1998},
  number = {98-06t},
  month = {June}
}

@article{Barnett04The,
  author = {Mike Barnett and K.R.M. Leino and Wolfram Schulte},
  title = {The {Spec\#} programming system: An overview},
  journal = {CASSIS},
  year = {2004},
  volume = {LNCS 3362},
  publisher = {Springer}
}
