@InProceedings{orso05may,
	author = "Alessandro Orso and Bryan Kennedy",
	title = "{Selective Capture and Replay of Program Executions}",
	booktitle = "Proceedings of the Third International ICSE Workshop on Dynamic Analysis (WODA 2005)",
	pages = "29--35",
	address = "St. Louis, MO, USA",
	month = "may",
	year = "2005",
	OPTnote = "\url{http://www.csd.uwo.ca/woda2005/proceedings.html}"
}

@TechReport{orso06,
author = {Shrinivas Joshi and Alessandro Orso},
title = {Capture and Replay of User Executions to Improve Software Quality},
institution = {Georgia Institute of Technology},
year = {2006}
}


@inproceedings{jrapture,
 author = {John Steven and Pravir Chandra and Bob Fleck and Andy Podgurski},
 title = {jRapture: A Capture/Replay tool for observation-based testing},
 booktitle = {ISSTA '00: Proceedings of the 2000 ACM SIGSOFT international symposium on Software testing and analysis},
 year = {2000},
 isbn = {1-58113-266-2},
 pages = {158--167},
 location = {Portland, Oregon, United States},
 doi = {http://doi.acm.org/10.1145/347324.348993},
 publisher = {ACM Press},
 address = {New York, NY, USA},
 }

@inproceedings{dejavu,
 author = {Jong-Deok Choi and Harini Srinivasan},
 title = {Deterministic replay of Java multithreaded applications},
 booktitle = {SPDT '98: Proceedings of the SIGMETRICS symposium on Parallel and distributed tools},
 year = {1998},
 isbn = {1-58113-001-5},
 pages = {48--59},
 location = {Welches, Oregon, United States},
 doi = {http://doi.acm.org/10.1145/281035.281041},
 publisher = {ACM Press},
 address = {New York, NY, USA},
 }

@misc{estudiotools,
title = "Eiffel Studio Tools",
author = "Bernd Schoeller, Andreas Leitner, Patrick Ruckstuhl",
howpublished = "\url{http://se.inf.ethz.ch/people/leitner/}"
}

@misc{eiffelsoftware,
title = "Eiffel Software Inc.",
howpublished = "\url{http://www.eiffel.com}"
}

@misc{gobo,
title = "Gobo Eiffel Tools and Libraries",
author = "Eric Bezault and Others",
howpublished = "\url{http://www.gobosoft.com/}"
}

@Inproceedings{erlg,
  author = 	 {A. Leitner and P. Eugster and M. Oriol and I. Ciupa},
  title = 	 {Reflecting on an Existing Programming Language},
  bookTitle =	 {Proceedings of TOOLS EUROPE 2007 - Objects, Models, Components, Patterns, (to appear)},
  month =        {June},
  year =         {2007},
}

@misc{abbot,
title = "Abbot Java GUI Test Framework",
howpublished = "\url{http://sourceforge.net/projects/abbot}"
} %No paper available on this topic (only citations in papers)

@Book{Eiffel-ECMA,
  author =       "{ECMA}",
  title =        "{ECMA-367}: {Eiffel} analysis, design and programming language",
  publisher =    pub-ECMA,
  address =      pub-ECMA:adr,
  month =        jun,
  year =         "2005",
  bibdate =      "Mon May 16 06:24:46 2005",
  bibsource =    "http://www.ecma-international.org/publications/standards/Standard.htm",
  URL =       "http://www.ecma-international.org/publications/files/ECMA-ST/ECMA-367.pdf",
  acknowledgement = ack-nhfb,
  ECMAnumber =   "ECMA-367",
}

@book{oosc2,
   Year = {1997},
   Title = {{Object-Oriented Software Construction}},
   Edition = {2nd},
   Publisher = {Prentice Hall},
   Author = {Bertrand Meyer}
}

@Inproceedings{cdd07,
  author = 	 {Andreas Leitner and Ilinca Ciupa and Manuel Oriol and Bertrand Meyer and Arno Fiva},
  title = 	 {Contract Driven Development = Test Driven Development - Writing Test-Cases},
  bookTitle =	 {Proceedings of the 6th joint meeting of the European Software Engineering Conference and the ACM SIGSOFT Symposium on the Foundations of Software Engineering (ESEC/FSE 2007)},
  month =        {September},
  year =         {2007},
}

 @book{aho86,
title = {{Compilers, Principles, Techniques, and Tools}},
author = {Alfred V. Aho and Ravi Sethi and Jeffrey D. Ullman},
publisher = {Addison-Wesley},
year = {1986},
priority = {0}, citeulike-article-id = {608947},
keywords = {compilation compiler }
} 

@inproceedings{jinsi,
 author = {Alessandro Orso and Shrinivas Joshi and Martin Burger and Andreas Zeller},
 title = {Isolating relevant component interactions with JINSI},
 booktitle = {WODA '06: Proceedings of the 2006 international workshop on Dynamic systems analysis},
 year = {2006},
 isbn = {1-59593-400-6},
 pages = {3--10},
 location = {Shanghai, China},
 doi = {http://doi.acm.org/10.1145/1138912.1138915},
 publisher = {ACM Press},
 address = {New York, NY, USA},
 }



