@book{Meyer09,
 author    = {B. Meyer},
 title    = {Touch of Class},
 publisher   =  {Springer},
 year    = {2009}
} 



@misc{EcmaEiffel,
 title = {Eiffel ECMA-367 Standard},
 note = {http://www.ecma-international.org/publications/standards/Ecma-367.htm}
}

@misc{MySQL,
 title = {MySQL database},
 note = {http://www.mysql.com/}
}


